<record><leader>00000cas a2200000 a 4500</leader><controlfield tag="001">13179197</controlfield><controlfield tag="008">860221d19371943couwr ne      0    0eng c</controlfield><datafield ind1=" " ind2=" " tag="010"><subfield code="a">sn 86063141 </subfield></datafield><datafield ind1=" " ind2=" " tag="040"><subfield code="a">KSH</subfield><subfield code="b">eng</subfield><subfield code="c">KSH</subfield><subfield code="d">NPT</subfield><subfield code="d">CNQ</subfield><subfield code="d">OCL</subfield><subfield code="d">OCLCQ</subfield><subfield code="d">COD</subfield><subfield code="d">OCLCF</subfield><subfield code="d">OCLCQ</subfield></datafield><datafield ind1=" " ind2=" " tag="042"><subfield code="a">pcc</subfield></datafield><datafield ind1=" " ind2=" " tag="043"><subfield code="a">n-us-co</subfield></datafield><datafield ind1="0" ind2=" " tag="130"><subfield code="a">Citizen (Florence, Colo. : 1937)</subfield></datafield><datafield ind1="1" ind2="4" tag="245"><subfield code="a">The citizen.</subfield></datafield><datafield ind1=" " ind2=" " tag="260"><subfield code="a">Florence, Colo. :</subfield><subfield code="b">Florence Citizen, Inc.</subfield></datafield><datafield ind1=" " ind2=" " tag="300"><subfield code="a">volumes</subfield></datafield><datafield ind1=" " ind2=" " tag="310"><subfield code="a">Weekly</subfield></datafield><datafield ind1=" " ind2=" " tag="336"><subfield code="a">text</subfield><subfield code="b">txt</subfield><subfield code="2">rdacontent</subfield></datafield><datafield ind1=" " ind2=" " tag="337"><subfield code="a">unmediated</subfield><subfield code="b">n</subfield><subfield code="2">rdamedia</subfield></datafield><datafield ind1=" " ind2=" " tag="338"><subfield code="a">volume</subfield><subfield code="b">nc</subfield><subfield code="2">rdacarrier</subfield></datafield><datafield ind1="0" ind2=" " tag="362"><subfield code="a">Vol. 1, no. 1 (July 15, 1937)-v. 7, no. 1 (July 8, 1943)-</subfield></datafield><datafield ind1=" " ind2=" " tag="530"><subfield code="a">Available on microfilm from the Colorado Historical Society.</subfield></datafield><datafield ind1=" " ind2=" " tag="580"><subfield code="a">Daily ed.: Florence daily citizen (Florence, Colo. : 1913), 1937-1939.</subfield></datafield><datafield ind1=" " ind2="0" tag="651"><subfield code="a">Fremont County (Colo.)</subfield><subfield code="v">Periodicals.</subfield></datafield><datafield ind1=" " ind2="7" tag="651"><subfield code="a">Colorado</subfield><subfield code="z">Fremont County.</subfield><subfield code="2">fast</subfield><subfield code="0">(OCoLC)fst01220898</subfield></datafield><datafield ind1=" " ind2="7" tag="655"><subfield code="a">Periodicals.</subfield><subfield code="2">fast</subfield><subfield code="0">(OCoLC)fst01411641</subfield></datafield><datafield ind1=" " ind2=" " tag="752"><subfield code="a">United States</subfield><subfield code="b">Colorado</subfield><subfield code="c">Fremont</subfield><subfield code="d">Florence.</subfield></datafield><datafield ind1="1" ind2=" " tag="775"><subfield code="t">Florence daily citizen (Florence, Colo. : 1913)</subfield><subfield code="w">(DLC)sn 90051428</subfield><subfield code="w">(OCoLC)21947684</subfield></datafield><datafield ind1="0" ind2="5" tag="780"><subfield code="t">Penrose press</subfield><subfield code="w">(DLC)sn 86063143</subfield><subfield code="w">(OCoLC)13179413</subfield></datafield><datafield ind1="0" ind2="0" tag="785"><subfield code="t">Citizen with which is consolidated the Penrose press</subfield><subfield code="w">(DLC)sn 90051429</subfield><subfield code="w">(OCoLC)21947855</subfield></datafield><datafield ind1="1" ind2=" " tag="029"><subfield code="a">AU@</subfield><subfield code="b">000020433309</subfield></datafield></record>